% This file was created with JabRef 2.5.
% Encoding: ISO8859_1


@article{boissier:2011,
	Author = {Olivier Boissier and Rafael Bordini and Jomi Fred H\"ubner and Alessandro Ricci and Andrea Santi},
	Doi = {10.1016/j.scico.2011.10.004},
	Journal = {Science of Computer Programming},
	Number = {6},
	Pages = {747--761},
	Title = {Multi-Agent Oriented Programming with {JaCaMo}},
	Volume = {78},
	Year = {2013}
}

%Jason
@book{bordini:2007,
	author = {Bordini, Rafael H. and Wooldridge, Michael and H\"ubner, Jomi F.},	
	title = {Programming Multi-Agent Systems in {AgentSpeak} using {Jason} },
	year = {2007},
	publisher = {John Wiley \& Sons}
} 



@article{hubner:10a,
	Author = {Jomi F. H\"ubner and Rafael H. Bordini},
	Journal = {Annals of Mathematics and Artificial Intelligence},
	Number = {3-4},
	Pages = {351-372},
	Title = {Using Agent- and Organisation-Oriented Programming to Develop a Team of Agents for a Competitive Game},
	Volume = {59},
	Year = {2010}
}

%prometheus

@book{winikoff:2004,
	author = {Winikoff, Michael and Padgham, Lin},
	title = {Developing Intelligent Agent Systems: A Practical Guide},
	year = {2004},
	publisher = {Halsted Press}
}

% artigo Bogtrotters
@incollection {dominic:2012,
   author = {Carr, Dominic and Russell, Sean and Pete, Balazs and O'Hare, G. and Collier, Rem},
   affiliation = {University College Dublin, Ireland},
   title = {Bogtrotters in Space},
   booktitle = {Programming Multi-Agent Systems},
   series = {LNCS},
   editor = {Dennis, Louise and Boissier, Olivier and Bordini, Rafael},
   publisher = {Springer},
   pages = {197-207},
   volume = {7217},
   year = {2012}
}

% Artigo Pythons-DTU
@incollection {ettienne:2012,
   author = {Ettienne, Mikko and Vester, Steen and Villadsen, Jørgen},
   affiliation = {Department of Informatics and Mathematical Modelling, Technical University of Denmark, Richard Petersens Plads, Building 321, DK-2800 Kongens Lyngby, Denmark},
   title = {Implementing a Multi-Agent System in Python with an Auction-Based Agreement Approach},
   booktitle = {Programming Multi-Agent Systems},
   series = {LNCS}, 
   editor = {Dennis, Louise and Boissier, Olivier and Bordini, Rafael},
   publisher = {Springer},
   isbn = {978-3-642-31914-3},
   keyword = {Computer Science},
   pages = {185-196},
   volume = {7217},
   year = {2012}
}

% artigo Hactar
@incollection {dekker:2012,
   author = {Dekker, Marc and Hameete, Pieter and Hegemans, Michiel and Leysen, Sebastiaan and van den Oever, Joris and Smits, Jeff and Hindriks, Koen},
   affiliation = {Delft University of Technology, Mekelweg 4, 2628 CD Delft, The Netherlands},
   title = {HactarV2: An Agent Team Strategy Based on Implicit Coordination},
   booktitle = {Programming Multi-Agent Systems},
   series = {LNCS},
   editor = {Dennis, Louise and Boissier, Olivier and Bordini, Rafael},
   publisher = {Springer},
   isbn = {978-3-642-31914-3},
   keyword = {Computer Science},
   pages = {173-184},
   volume = {7217},
   year = {2012}
}

% A Résumé
@incollection {behrens:2012,
   author = {Behrens, Tristan and K\"oster, Michael and Schlesinger, Federico and Dix, J\"urgen and H\"ubner, Jomi},
   affiliation = {Department of Informatics, Clausthal University of Technology, Julius-Albert-Str. 4, Clausthal-Zellerfeld, 38678 Germany},
   title = {The Multi-agent Programming Contest 2011: A R\'esum\'e},
   booktitle = {Programming Multi-Agent Systems},
   series = {LNCS}, 
   editor = {Dennis, Louise and Boissier, Olivier and Bordini, Rafael},
   publisher = {Springer},
   isbn = {978-3-642-31914-3},
   keyword = {Computer Science},
   pages = {155-172},
   volume = {7217},
   year = {2012}
}

@article{behrens:2011,
 author = {Behrens, Tristan M. and Hindriks, Koen V. and Dix, J\"urgen},
 title = {Towards an environment interface standard for agent platforms},
 journal = {Annals of Mathematics and Artificial Intelligence},
 issue_date = {April- 2011},
 volume = {61},
 number = {4},
 month = apr,
 year = {2011},
 issn = {1012-2443},
 pages = {261--295},
 numpages = {35},
 acmid = {2086861},
 publisher = {Kluwer Academic Publishers},
 address = {Hingham}
} 

@incollection {behrens:2011b,
   author = {Behrens, Tristan and K\"oster, Michael and Schlesinger, Federico and Dix, Jürgen and H\"ubner, Jomi},
   title = {The Multi-agent Programming Contest 2011: A R\'esum\'e},
   booktitle = {Programming Multi-Agent Systems},
   series = {Lecture Notes in Computer Science},
   publisher = {Springer},
   isbn = {978-3-642-31914-3},
   pages = {155-172},
   volume = {7217},
   year = {2012}
}

@article {behrens:2010,
   author = {Behrens, Tristan and Dastani, Mehdi and Dix, J\"urgen and K\"oster, Michael and Nov\'ak, Peter},
   affiliation = {Department of Informatics, Clausthal University of Technology, Julius-Albert-Str. 4, 38678 Clausthal-Zellerfeld, Germany},
   title = {The multi-agent programming contest from 2005–2010},
   journal = {Annals of Mathematics and Artificial Intelligence},
   publisher = {Springer},
   pages = {277-311},
   volume = {59},
   issue = {3},
   year = {2010}
}


@article{hubner:2007,
	Author = {Jomi Fred H\"ubner and Jaime Sim{\~a}o Sichman and Olivier Boissier},
	Doi = {10.1504/IJAOSE.2007.016266},
	Issn = {1746-1375},
	Journal = {International Journal of Agent-Oriented Software Engineering},
	Number = {3/4},
	Pages = {370--395},
	Title = {Developing Organised Multi-Agent Systems Using the {MOISE+} Model: Programming Issues at the System and Agent Levels},
	Url = {http://www.das.ufsc.br/~jomi/pubs/2007/Hubner-ijaose-2007.pdf},
	Volume = {1},
	Year = {2007}
}

@article {ricci:2011,
	 author = {Ricci, Alessandro and Piunti, Michele and Viroli, Mirko},
	title = {Environment programming in multi-agent systems: an artifact-based perspective},
	journal = {AAMAS},
	publisher = {Springer},
	pages = {158-192},
	volume = {23},	
	year = {2011}
}


%adicionados para o paper do MAPC 2013
@incollection{smadas:2012,
  year={2013},
  isbn={978-3-642-38699-2},
  booktitle={Programming Multi-Agent Systems},
  volume={7837},
  series={LNCS},
  title={{SMADAS}: A Cooperative Team for the Multi-Agent Programming Contest Using Jason},
  url={http://dx.doi.org/10.1007/978-3-642-38700-5_12},
  publisher={Springer Berlin Heidelberg},
  author={Zatelli, Maicon R. and Uez, Daniela M. and Neri, Jos\'e R. and Schmitz, Tiago L. and C. Bonson, J\'essica P. and H{\"u}bner, Jomi F.},
  pages={196-204}
}


@proceedings{promas:2012,
  editor    = {Mehdi Dastani and
               Jomi F. H\"ubner and
               Brian Logan},
  title     = {Programming Multi-Agent Systems - 10th International Workshop,
               ProMAS 2012, Valencia, Spain, June 5, 2012, Revised Selected
               Papers},
  booktitle = {ProMAS},
  publisher = {Springer},
  series    = {Lecture Notes in Computer Science},
  volume    = {7837},
  year      = {2013},
  isbn      = {978-3-642-38699-2},
  ee        = {http://dx.doi.org/10.1007/978-3-642-38700-5},
  bibsource = {DBLP, http://dblp.uni-trier.de}
}


@article{Boissier:2013,
title = "Multi-agent oriented programming with {JaCaMo} ",
journal = "Science of Computer Programming ",
volume = "78",
number = "6",
pages = "747 - 761",
year = "2013",
author ={ "Olivier Boissier and Rafael H. Bordini and Jomi F. H\"ubner and Alessandro Ricci and Andrea Santi"}
}


@inproceedings{brito:2012,
	author = "de Brito, Maiquel and H{\"u}bner, Jomi F. and H. Bordini, Rafael",
	booktitle = "{COIN@AAMAS 2012}",
	crossref = "coin2012",
	editor = "Aldewereld, Huib and Sichman, Jaime Sim{\~a}o",
	pages = "31--25",
	title = "{Programming institutional facts in multi-agent systems}",
	year = "2012"
}

@incollection{koster:2013,
year={2013},
isbn={978-3-642-38699-2},
booktitle={Programming Multi-Agent Systems},
volume={7837},
series={LNCS},
doi={10.1007/978-3-642-38700-5_11},
title={The Multi-Agent Programming Contest 2012},
url={http://dx.doi.org/10.1007/978-3-642-38700-5_11},
publisher={Springer Berlin Heidelberg},
author={K\"oster, Michael and Schlesinger, Federico and Dix, J\"urgen},
pages={174-195}
}

