% This file was created with JabRef 2.5.
% Encoding: ISO8859_1

%Jason
@book{bordini:2007,
	author = {Bordini, Rafael H. and Wooldridge, Michael and H\"{u}bner, Jomi Fred},	
	title = {Programming Multi-Agent Systems in AgentSpeak using Jason },
	year = {2007},
	publisher = {John Wiley \& Sons}
} 


@article{hubner:10a,
	Author = {Jomi Fred H\"ubner and Rafael Heitor Bordini},
	Journal = {Annals of Mathematics and Artificial Intelligence},
	Number = {3-4},
	Pages = {351-372},
	Title = {Using Agent- and Organisation-Oriented Programming to Develop a Team of Agents for a Competitive Game},
	Volume = {59},
	Year = {2010}
}

%prometheus

@book{winikoff:2004,
	author = {Winikoff, Michael and Padgham, Lin},
	title = {Developing Intelligent Agent Systems: A Practical Guide},
	year = {2004},
	publisher = {Halsted Press}
}

% artigo Bogtrotters
@incollection {dominic:2012,
   author = {Carr, Dominic and Russell, Sean and Pete, Balazs and O'Hare, G. and Collier, Rem},
   affiliation = {University College Dublin, Ireland},
   title = {Bogtrotters in Space},
   booktitle = {Programming Multi-Agent Systems},
   series = {LNCS},
   editor = {Dennis, Louise and Boissier, Olivier and Bordini, Rafael},
   publisher = {Springer},
   pages = {197-207},
   volume = {7217},
   year = {2012}
}

% Artigo Pythons-DTU
@incollection {ettienne:2012,
   author = {Ettienne, Mikko and Vester, Steen and Villadsen, Jørgen},
   affiliation = {Department of Informatics and Mathematical Modelling, Technical University of Denmark, Richard Petersens Plads, Building 321, DK-2800 Kongens Lyngby, Denmark},
   title = {Implementing a Multi-Agent System in Python with an Auction-Based Agreement Approach},
   booktitle = {Programming Multi-Agent Systems},
   series = {LNCS}, 
   editor = {Dennis, Louise and Boissier, Olivier and Bordini, Rafael},
   publisher = {Springer},
   isbn = {978-3-642-31914-3},
   keyword = {Computer Science},
   pages = {185-196},
   volume = {7217},
   year = {2012}
}

% artigo Hactar
@incollection {dekker:2012,
   author = {Dekker, Marc and Hameete, Pieter and Hegemans, Michiel and Leysen, Sebastiaan and van den Oever, Joris and Smits, Jeff and Hindriks, Koen},
   affiliation = {Delft University of Technology, Mekelweg 4, 2628 CD Delft, The Netherlands},
   title = {HactarV2: An Agent Team Strategy Based on Implicit Coordination},
   booktitle = {Programming Multi-Agent Systems},
   series = {LNCS},
   editor = {Dennis, Louise and Boissier, Olivier and Bordini, Rafael},
   publisher = {Springer},
   isbn = {978-3-642-31914-3},
   keyword = {Computer Science},
   pages = {173-184},
   volume = {7217},
   year = {2012}
}

% A Résumé
@incollection {behrens:2012,
   author = {Behrens, Tristan and K\"{o}ster, Michael and Schlesinger, Federico and Dix, J\"{u}rgen and H\"{u}bner, Jomi},
   affiliation = {Department of Informatics, Clausthal University of Technology, Julius-Albert-Str. 4, Clausthal-Zellerfeld, 38678 Germany},
   title = {The Multi-agent Programming Contest 2011: A R\'{e}sum\'{e}},
   booktitle = {Programming Multi-Agent Systems},
   series = {LNCS}, 
   editor = {Dennis, Louise and Boissier, Olivier and Bordini, Rafael},
   publisher = {Springer},
   isbn = {978-3-642-31914-3},
   keyword = {Computer Science},
   pages = {155-172},
   volume = {7217},
   year = {2012}
}

@article{behrens:2011,
 author = {Behrens, Tristan M. and Hindriks, Koen V. and Dix, J\"{u}rgen},
 title = {Towards an environment interface standard for agent platforms},
 journal = {Annals of Mathematics and Artificial Intelligence},
 issue_date = {April- 2011},
 volume = {61},
 number = {4},
 month = apr,
 year = {2011},
 issn = {1012-2443},
 pages = {261--295},
 numpages = {35},
 acmid = {2086861},
 publisher = {Kluwer Academic Publishers},
 address = {Hingham}
} 

@incollection {behrens:2011b,
   author = {Behrens, Tristan and K\"{o}ster, Michael and Schlesinger, Federico and Dix, Jürgen and H\"{u}bner, Jomi},
   title = {The Multi-agent Programming Contest 2011: A R\'{e}sum\'{e}},
   booktitle = {Programming Multi-Agent Systems},
   series = {Lecture Notes in Computer Science},
   publisher = {Springer},
   isbn = {978-3-642-31914-3},
   pages = {155-172},
   volume = {7217},
   year = {2012}
}

@article {behrens:2010,
   author = {Behrens, Tristan and Dastani, Mehdi and Dix, J\"{u}rgen and K\"{o}ster, Michael and Nov\'{a}k, Peter},
   affiliation = {Department of Informatics, Clausthal University of Technology, Julius-Albert-Str. 4, 38678 Clausthal-Zellerfeld, Germany},
   title = {The multi-agent programming contest from 2005–2010},
   journal = {Annals of Mathematics and Artificial Intelligence},
   publisher = {Springer},
   pages = {277-311},
   volume = {59},
   issue = {3},
   year = {2010}
}
